@book{dragon,
    author = "Aho, A. and Lam, M. and Sethi, R. and Ullman, J.",
    title = "Compilers: Principles, Techniques, and Tools",
    publisher = "Pearson, Addison Wesley",
    year = "2006"
}

@online{menhir,
    author = "Pottier, F. and R{\'e}gis-Gianis, Y.",
    title = "Menhir",
    year = "2010",
    url = "https://gallium.inria.fr/~fpottier/menhir/",
    urldate = "2024-12-01"
}


